<?xml version="1.0" encoding="UTF-8"?><collection xmlns="http://www.loc.gov/MARC21/slim"><record><leader>00421nam--2200157-i-4500</leader><controlfield tag="001">000027339</controlfield><controlfield tag="002">20161230</controlfield><controlfield tag="005">20161230201036</controlfield><controlfield tag="008">060222s1000------------r-----000-0-eng-d</controlfield><datafield ind1=" " ind2=" " tag="080"><subfield code="a">517</subfield></datafield><datafield ind1="1" ind2=" " tag="100"><subfield code="a">Kelly, Louis G</subfield></datafield><datafield ind1=" " ind2=" " tag="245"><subfield code="a">Handbook of numerical methods and applications</subfield></datafield><datafield ind1=" " ind2=" " tag="260"><subfield code="a">Reading / Mass., Addison - Wesley Publ. Co., 1967. </subfield></datafield><datafield ind1=" " ind2=" " tag="300"><subfield code="a">XIV+354P</subfield></datafield><datafield ind1=" " ind2=" " tag="852"><subfield code="a">28321</subfield><subfield code="c">517</subfield></datafield><datafield ind1=" " ind2=" " tag="CAT"><subfield code="a">Sys</subfield><subfield code="c">20080618</subfield><subfield code="h">101808</subfield></datafield></record></collection>